@inproceedings{goodfellow2014generative,
	title="Generative Adversarial Nets",
	author="Ian {Goodfellow} and Jean {Pouget-Abadie} and Mehdi {Mirza} and Bing {Xu} and David {Warde-Farley} and Sherjil {Ozair} and Aaron {Courville} and Yoshua {Bengio}",
	booktitle="Advances in Neural Information Processing Systems 27",
	pages="2672--2680",
	notes="Sourced from Microsoft Academic - https://academic.microsoft.com/paper/2099471712",
	year="2014"
}

@inproceedings{kingma2014auto,
	title="Auto-Encoding Variational Bayes",
	author="Diederik P {Kingma} and Max {Welling}",
	booktitle="ICLR 2014 : International Conference on Learning Representations (ICLR) 2014",
	notes="Sourced from Microsoft Academic - https://academic.microsoft.com/paper/1959608418",
	year="2014"
}

@inproceedings{grover2016node2vec,
	title="node2vec: Scalable Feature Learning for Networks",
	author="Aditya {Grover} and Jure {Leskovec}",
	booktitle="Proceedings of the 22nd ACM SIGKDD International Conference on Knowledge Discovery and Data Mining",
	volume="2016",
	pages="855--864",
	notes="Sourced from Microsoft Academic - https://academic.microsoft.com/paper/2962756421",
	year="2016"
}

@inproceedings{perozzi2014deepwalk,
	title="DeepWalk: online learning of social representations",
	author="Bryan {Perozzi} and Rami {Al-Rfou} and Steven {Skiena}",
	booktitle="Proceedings of the 20th ACM SIGKDD international conference on Knowledge discovery and data mining",
	pages="701--710",
	notes="Sourced from Microsoft Academic - https://academic.microsoft.com/paper/2154851992",
	year="2014"
}

@article{chung2014empirical,
	title="Empirical evaluation of gated recurrent neural networks on sequence modeling",
	author="Junyoung {Chung} and Çaglar {Gülçehre} and KyungHyun {Cho} and Yoshua {Bengio}",
	journal="arXiv preprint arXiv:1412.3555",
	notes="Sourced from Microsoft Academic - https://academic.microsoft.com/paper/1924770834",
	year="2014"
}

@inproceedings{bordes2013translating,
	title="Translating Embeddings for Modeling Multi-relational Data",
	author="Antoine {Bordes} and Nicolas {Usunier} and Alberto {Garcia-Duran} and Jason {Weston} and Oksana {Yakhnenko}",
	booktitle="Advances in Neural Information Processing Systems 26",
	pages="2787--2795",
	notes="Sourced from Microsoft Academic - https://academic.microsoft.com/paper/2127795553",
	year="2013"
}

@inproceedings{veličković2018graph,
	title="Graph Attention Networks",
	author="Petar {Veličković} and Guillem {Cucurull} and Arantxa {Casanova} and Adriana {Romero} and Pietro {Liò} and Yoshua {Bengio}",
	booktitle="ICLR 2018 : International Conference on Learning Representations 2018",
	notes="Sourced from Microsoft Academic - https://academic.microsoft.com/paper/2963858333",
	year="2018"
}

@inproceedings{lin2015learning,
	title="Learning entity and relation embeddings for knowledge graph completion",
	author="Yankai {Lin} and Zhiyuan {Liu} and Maosong {Sun} and Yang {Liu} and Xuan {Zhu}",
	booktitle="AAAI'15 Proceedings of the Twenty-Ninth AAAI Conference on Artificial Intelligence",
	pages="2181--2187",
	notes="Sourced from Microsoft Academic - https://academic.microsoft.com/paper/2184957013",
	year="2015"
}

@inproceedings{wang2014knowledge,
	title="Knowledge graph embedding by translating on hyperplanes",
	author="Zhen {Wang} and Jianwen {Zhang} and Jianlin {Feng} and Zheng {Chen}",
	booktitle="AAAI'14 Proceedings of the Twenty-Eighth AAAI Conference on Artificial Intelligence",
	pages="1112--1119",
	notes="Sourced from Microsoft Academic - https://academic.microsoft.com/paper/2283196293",
	year="2014"
}

@inproceedings{zügner2019adversarial,
	title="Adversarial Attacks on Neural Networks for Graph Data.",
	author="Daniel {Zügner} and Amir {Akbarnejad} and Stephan {Günnemann}",
	booktitle="Proceedings of the Twenty-Eighth International Joint Conference on Artificial Intelligence",
	pages="6246--6250",
	notes="Sourced from Microsoft Academic - https://academic.microsoft.com/paper/2966149470",
	year="2019"
}

@inproceedings{guu2015traversing,
	title="Traversing Knowledge Graphs in Vector Space",
	author="Kelvin {Guu} and John {Miller} and Percy {Liang}",
	booktitle="Proceedings of the 2015 Conference on Empirical Methods in Natural Language Processing",
	pages="318--327",
	notes="Sourced from Microsoft Academic - https://academic.microsoft.com/paper/2963380480",
	year="2015"
}

@inproceedings{you2018graphrnn,
	title="GraphRNN: Generating Realistic Graphs with Deep Auto-regressive Models",
	author="Jiaxuan {You} and Rex {Ying} and Xiang {Ren} and William L. {Hamilton} and Jure {Leskovec}",
	booktitle="International Conference on Machine Learning",
	pages="5694--5703",
	notes="Sourced from Microsoft Academic - https://academic.microsoft.com/paper/2806115886",
	year="2018"
}

@inproceedings{simonovsky2018graphvae,
	title="GraphVAE: Towards Generation of Small Graphs Using Variational Autoencoders",
	author="Martin {Simonovsky} and Nikos {Komodakis}",
	booktitle="27th International Conference on Artificial Neural Networks (ICANN)",
	pages="412--422",
	notes="Sourced from Microsoft Academic - https://academic.microsoft.com/paper/2964108670",
	year="2018"
}

@inproceedings{li2018learning,
	title="Learning Deep Generative Models of Graphs",
	author="Yujia {Li} and Oriol {Vinyals} and Chris {Dyer} and Razvan {Pascanu} and Peter {Battaglia}",
	booktitle="ICLR 2018 : International Conference on Learning Representations 2018",
	notes="Sourced from Microsoft Academic - https://academic.microsoft.com/paper/2963555927",
	year="2018"
}

@inproceedings{ren2020query2box,
	title="Query2box: Reasoning over Knowledge Graphs in Vector Space Using Box Embeddings",
	author="Hongyu {Ren} and Weihua {Hu} and Jure {Leskovec}",
	booktitle="ICLR 2020 : Eighth International Conference on Learning Representations",
	notes="Sourced from Microsoft Academic - https://academic.microsoft.com/paper/2994695355",
	year="2020"
}

@inproceedings{xu2018how,
title={How Powerful are Graph Neural Networks?},
author={Keyulu Xu and Weihua Hu and Jure Leskovec and Stefanie Jegelka},
booktitle={International Conference on Learning Representations},
year={2019},
url={https://openreview.net/forum?id=ryGs6iA5Km},
}


@article{shervashidze2011weisfeiler,
	title="Weisfeiler-Lehman Graph Kernels",
	author="Nino {Shervashidze} and Pascal {Schweitzer} and Erik Jan van {Leeuwen} and Kurt {Mehlhorn} and Karsten M. {Borgwardt}",
	journal="Journal of Machine Learning Research",
	volume="12",
	number="77",
	pages="2539--2561",
	notes="Sourced from Microsoft Academic - https://academic.microsoft.com/paper/2142498761",
	year="2011"
}


@inproceedings{wang-etal-2019-paperrobot,
    title = "{P}aper{R}obot: Incremental Draft Generation of Scientific Ideas",
    author = "Wang, Qingyun  and
      Huang, Lifu  and
      Jiang, Zhiying  and
      Knight, Kevin  and
      Ji, Heng  and
      Bansal, Mohit  and
      Luan, Yi",
    booktitle = "Proceedings of the 57th Conference of the Association for Computational Linguistics",
    month = jul,
    year = "2019",
    address = "Florence, Italy",
    publisher = "Association for Computational Linguistics",
    url = "https://www.aclweb.org/anthology/P19-1191",
    pages = "1980--1991"
}

@ARTICLE{6773024,  author={C. E. {Shannon}},  journal={The Bell System Technical Journal},   title={A mathematical theory of communication},   year={1948},  volume={27},  number={3},  pages={379-423},}

@misc{you2020graph,
	title={Graph Structure of Neural Networks}, 
	author={Jiaxuan You and Jure Leskovec and Kaiming He and Saining Xie},
	year={2020},
	eprint={2007.06559},
	archivePrefix={arXiv},
	primaryClass={cs.LG}
}



@INPROCEEDINGS{6228085,  author={X. {Wang} and X. {Ding} and A. K. H. {Tung} and S. {Ying} and H. {Jin}},  booktitle={2012 IEEE 28th International Conference on Data Engineering},   title={An Efficient Graph Indexing Method},   year={2012},  volume={},  number={},  pages={210-221},}

@InProceedings{pmlr-v9-glorot10a, title = {Understanding the difficulty of training deep feedforward neural networks}, author = {Xavier Glorot and Yoshua Bengio}, pages = {249--256}, year = {2010}, editor = {Yee Whye Teh and Mike Titterington}, volume = {9}, series = {Proceedings of Machine Learning Research}, address = {Chia Laguna Resort, Sardinia, Italy}, month = {13--15 May}, publisher = {JMLR Workshop and Conference Proceedings} }


@article{simard2003best,
	title={Best Practices for Convolutional Neural Networks Applied to Visual Document Analysis},
	author={Simard, Y. Patrice and Steinkraus, Dave and C., John Platt},
	journal={ICDAR-1},
	pages={958--963},
	year={2003}
}

@article{chen2018stochastic,
	title={Stochastic Training of Graph Convolutional Networks with Variance Reduction},
	author={Chen, Jianfei and Zhu, Jun and Song, Le},
	journal={ICML},
	pages={941--949},
	year={2018}
}

@article{hamilton2017inductive,
	title={Inductive Representation Learning on Large Graphs},
	author={Hamilton, L. William and Ying, Rex and Leskovec, Jure},
	journal={ADVANCES IN NEURAL INFORMATION PROCESSING SYSTEMS 30 (NIPS 2017)},
	pages={1024--1034},
	year={2017}
}

@article{chen2018fastgcn,
	title={FastGCN: Fast Learning with Graph Convolutional Networks via Importance Sampling},
	author={Chen, Jie and Ma, Tengfei and Xiao, Cao},
	journal={ICLR},
	year={2018}
}

@article{kipf2017semi-supervised,
	title={Semi-Supervised Classification with Graph Convolutional Networks},
	author={Kipf, N. Thomas and Welling, Max},
	journal={international conference on learning representations},
	year={2017}
}

@article{linden2003amazon.com,
	title={Amazon.com Recommendations: Item-to-Item Collaborative Filtering},
	author={Linden, Greg and Smith, Brent and York, Jeremy},
	journal={Internet Computing, IEEE},
	pages={76--80},
	year={2003}
}

@article{he2014practical,
	title={Practical Lessons from Predicting Clicks on Ads at Facebook},
	author={He, Xinran and Pan, Junfeng and Jin, Ou and Xu, Tianbing and Liu, Bo and Xu, Tao and Shi, Yanxin and Atallah, Antoine and Herbrich, Ralf and Bowers, Stuart and Candela, Quiñonero Joaquin},
	journal={ADKDD@KDD},
	pages={1--9},
	year={2014}
}

@article{covington2016deep,
	title={Deep Neural Networks for YouTube Recommendations},
	author={Covington, Paul and Adams, Jay and Sargin, Emre},
	journal={RecSys},
	pages={191--198},
	year={2016}
}

@article{cheng2016wide,
	title={Wide & Deep Learning for Recommender Systems},
	author={Cheng, Heng-Tze and Koc, Levent and Harmsen, Jeremiah and Shaked, Tal and Chandra, Tushar and Aradhye, Hrishi and Anderson, Glen and Corrado, Greg and Chai, Wei and Ispir, Mustafa and Anil, Rohan and Haque, Zakaria and Hong, Lichan and Jain, Vihan and Liu, Xiaobing and Shah, Hemal},
	journal={Proceedings of the 1st Workshop on Deep Learning for Recommender Systems},
	year={2016}
}

@article{he2018nais,
	title={NAIS: Neural Attentive Item Similarity Model for Recommendation},
	author={He, Xiangnan and He, Zhankui and Song, Jingkuan and Liu, Zhenguang and Jiang, Yu-Gang and Chua, Tat-Seng},
	journal={IEEE Transactions on Knowledge and Data Engineering},
	pages={2354--2366},
	year={2018}
}

@article{bahdanau2016neural,
	title={Neural Machine Translation by Jointly Learning to Align and Translate},
	author={Bahdanau, Dzmitry and Cho, Kyunghyun and Bengio, Yoshua},
	journal={international conference on learning representations},
	year={2016}
}

@article{luong2015effective,
	title={Effective Approaches to Attention-based Neural Machine Translation},
	author={Luong, Thang and Pham, Hieu and Manning, D. Christopher},
	journal={Conference on Empirical Methods in Natural Language Processing},
	year={2015}
}

@article{sutskever2014sequence,
	title={Sequence to Sequence Learning with Neural Networks},
	author={Sutskever, Ilya and Vinyals, Oriol and Le, V. Quoc},
	journal={ADVANCES IN NEURAL INFORMATION PROCESSING SYSTEMS 27 (NIPS 2014)},
	pages={3104--3112},
	year={2014}
}

@article{cho2014learning,
	title={Learning Phrase Representations using RNN Encoder-Decoder for Statistical Machine Translation},
	author={Cho, Kyunghyun and Merrienboer, van Bart and Gülçehre, Çaglar and Bahdanau, Dzmitry and Bougares, Fethi and Schwenk, Holger and Bengio, Yoshua},
	journal={EMNLP},
	pages={1724--1734},
	year={2014}
}

@article{vaswani2017attention,
	title={Attention Is All You Need},
	author={Vaswani, Ashish and Shazeer, Noam and Parmar, Niki and Uszkoreit, Jakob and Jones, Llion and Gomez, N. Aidan and Kaiser, Lukasz and Polosukhin, Illia},
	journal={ADVANCES IN NEURAL INFORMATION PROCESSING SYSTEMS 30 (NIPS 2017)},
	pages={5998--6008},
	year={2017}
}

@article{devlin2019bert,
	title={BERT: Pre-training of Deep Bidirectional Transformers for Language Understanding},
	author={Devlin, Jacob and Chang, Ming-Wei and Lee, Kenton and Toutanova, Kristina},
	journal={north american chapter of the association for computational linguistics},
	year={2019}
}

@article{junqiu2019nezha,
	title={NEZHA: Neural Contextualized Representation for Chinese Language  Understanding},
	author={Junqiu, Wei and Xiaozhe, Ren and Xiaoguang, Li and Wenyong, Huang and Yi, Liao and Yasheng, Wang and Jiashu, Lin and Xin, Jiang and Xiao, Chen and Qun, Liu},
	year={2019}
}

@article{kingma2015adam,
	title={Adam: A Method for Stochastic Optimization},
	author={Kingma, P. Diederik and Ba, Lei Jimmy},
	journal={international conference on learning representations},
	year={2015}
}

@inproceedings{guo_nips_2017,
	author    = {Guolin Ke and Qi Meng and Thomas Finley and Taifeng Wang and Wei Chen and	Weidong Ma and Qiwei Ye and	Tie{-}Yan Liu},
	title     = {LightGBM: {A} Highly Efficient Gradient Boosting Decision Tree},
	booktitle = {{NeurIPS}, 2017,
	Long Beach, CA, {USA}},
	pages     = {3146--3154},
	year      = {2017},
	url       = {https://proceedings.neurips.cc/paper/2017/hash/6449f44a102fde848669bdd9eb6b76fa-Abstract.html},
	timestamp = {Thu, 21 Jan 2021 15:15:21 +0100},
	biburl    = {https://dblp.org/rec/conf/nips/KeMFWCMYL17.bib},
	bibsource = {dblp computer science bibliography, https://dblp.org}
}

@inproceedings{rendle_fm_2010_icdm,
	author = {Rendle, Steffen},
	title = {Factorization Machines},
	year = {2010},
	isbn = {9780769542560},
	publisher = {IEEE Computer Society},
	address = {USA},
	url = {https://doi.org/10.1109/ICDM.2010.127},
	doi = {10.1109/ICDM.2010.127},
	booktitle = {Proceedings of the 2010 IEEE International Conference on Data Mining},
	pages = {995–1000},
	numpages = {6},
	keywords = {tensor factorization, sparse data, factorization machine, support vector machine},
	series = {ICDM '10}
}

@inproceedings{juan_ffm_2016_recsys,
	author = {Juan, Yuchin and Zhuang, Yong and Chin, Wei-Sheng and Lin, Chih-Jen},
	title = {Field-Aware Factorization Machines for CTR Prediction},
	year = {2016},
	isbn = {9781450340359},
	publisher = {Association for Computing Machinery},
	address = {New York, NY, USA},
	url = {https://doi.org/10.1145/2959100.2959134},
	doi = {10.1145/2959100.2959134},
	booktitle = {Proceedings of the 10th ACM Conference on Recommender Systems},
	pages = {43–50},
	numpages = {8},
	keywords = {computational advertising, machine learning, click-through rate prediction, factorization machines},
	location = {Boston, Massachusetts, USA},
	series = {RecSys '16}
}

@inproceedings{hb_ftrl_2010_colt,
	title={Adaptive Bound Optimization for Online Convex Optimization},
	author={H. B. McMahan and Matthew J. Streeter},
	booktitle={COLT},
	year={2010}
}